<collection xmlns="http://www.loc.gov/MARC21/slim">
<record>
  <leader>01610nam0a22002411i 450 </leader>
  <controlfield tag="001">IT\ICCU\CNCE\046012</controlfield>
  <controlfield tag="005">20130214000000.0</controlfield>
  <datafield tag="012" ind1=" " ind2=" ">
    <subfield code="a">inim o-r, x.od titi (3) 156. (Q)</subfield>
    <subfield code="2">fei</subfield>
  </datafield>
  <datafield tag="100" ind1=" " ind2=" ">
    <subfield code="a">19990127f15601569    0itac0103    ba</subfield>
  </datafield>
  <datafield tag="101" ind1=" " ind2=" ">
    <subfield code="a">LAT</subfield>
  </datafield>
  <datafield tag="102" ind1=" " ind2=" ">
    <subfield code="a">IT</subfield>
  </datafield>
  <datafield tag="200" ind1="1" ind2=" ">
    <subfield code="a">Modestini Pistorins. de Germania iurisconsul. Domini ac redemptoris nostri Iesu Christi auxilio humiliter implorato. Perlectis ac diligenter perpensis iis quae pro informatione facti ad me missa sunt in causa ordinis seu praecedentiae, quae controuertitur inter illustrissimos principes dominum Cosmum ducem Florentinum, &amp; dominum Alfonsum ducem Ferrariensem, quamuis nulla questio in specie mihi praeposita sit. Tamen mihi scopus questionis potissimum &amp; principaliter videtur consistere in duobus articulis, quorum vnus concernit possessorium nempe an illustrissimus princeps Florentinus sit vel reperiatur in quasi possessione iuris huius precedendi in actibus, &amp; conuentibus publicis illustriss. principem Ferrariae</subfield>
  </datafield>
  <datafield tag="210" ind1=" " ind2=" ">
    <subfield code="d">\156.!</subfield>
  </datafield>
  <datafield tag="215" ind1=" " ind2=" ">
    <subfield code="a">18, \2! p.</subfield>
    <subfield code="d">fol</subfield>
  </datafield>
  <datafield tag="300" ind1=" " ind2=" ">
    <subfield code="a">Parere sulla questione della precedenza fra il duca di Ferrara e il duca di Firenze. - Stampato presumibilmente a Firenze</subfield>
  </datafield>
  <datafield tag="620" ind1=" " ind2=" ">
    <subfield code="a">IT</subfield>
    <subfield code="d">Firenze</subfield>
  </datafield>
  <datafield tag="700" ind1=" " ind2="1">
    <subfield code="a">Pistoris,</subfield>
    <subfield code="b">Modestinus</subfield>
    <subfield code="3">IT\ICCU\CNCA\012023</subfield>
  </datafield>
  <datafield tag="712" ind1="0" ind2="2">
    <subfield code="a">s.n.</subfield>
    <subfield code="3">IT\ICCU\CNCT\000002</subfield>
    <subfield code="4">650</subfield>
  </datafield>
  <datafield tag="801" ind1=" " ind2="3">
    <subfield code="a">IT</subfield>
    <subfield code="b">ICCU</subfield>
    <subfield code="c">20201114</subfield>
  </datafield>
  <datafield tag="899" ind1=" " ind2=" ">
    <subfield code="a">Biblioteca Apostolica Vaticana. Citt ̉del Vaticano</subfield>
    <subfield code="1">EX0001</subfield>
    <subfield code="2">ZCV 01</subfield>
  </datafield>
  <datafield tag="899" ind1=" " ind2=" ">
    <subfield code="a">Biblioteca Riccardiana. Firenze</subfield>
    <subfield code="1">FI0094</subfield>
    <subfield code="2">CFI RF</subfield>
  </datafield>
  <datafield tag="899" ind1=" " ind2=" ">
    <subfield code="a">Biblioteca nazionale centrale. Firenze</subfield>
    <subfield code="1">FI0098</subfield>
    <subfield code="2">CFI CF</subfield>
  </datafield>
  <datafield tag="899" ind1=" " ind2=" ">
    <subfield code="a">Biblioteca Moreniana. Firenze</subfield>
    <subfield code="1">FI0099</subfield>
    <subfield code="2">RT1 BP</subfield>
  </datafield>
</record>
</collection>
